<record><leader>00000cas a22000007a 4500</leader><controlfield tag="001">23611716</controlfield><controlfield tag="008">910426d18931894couwr ne      0    0eng d</controlfield><datafield ind1=" " ind2=" " tag="010"><subfield code="a">sn 91052529 </subfield></datafield><datafield ind1=" " ind2=" " tag="040"><subfield code="a">CNQ</subfield><subfield code="b">eng</subfield><subfield code="c">CNQ</subfield><subfield code="d">OCLCQ</subfield></datafield><datafield ind1=" " ind2=" " tag="042"><subfield code="a">msc</subfield></datafield><datafield ind1="0" ind2="0" tag="245"><subfield code="a">New Windsor tribune.</subfield></datafield><datafield ind1=" " ind2=" " tag="260"><subfield code="a">Windsor, Colo. :</subfield><subfield code="b">[s.n.]</subfield></datafield><datafield ind1=" " ind2=" " tag="300"><subfield code="a">v.</subfield></datafield><datafield ind1=" " ind2=" " tag="310"><subfield code="a">Weekly</subfield></datafield><datafield ind1="0" ind2=" " tag="362"><subfield code="a">Sept. 7, 1893-June 28, 1894.</subfield></datafield><datafield ind1=" " ind2=" " tag="580"><subfield code="a">Issued with: Greeley tribune (Greeley, Colo. : Weekly).</subfield></datafield><datafield ind1=" " ind2=" " tag="752"><subfield code="a">United States</subfield><subfield code="b">Colorado</subfield><subfield code="c">Weld</subfield><subfield code="d">Windsor.</subfield></datafield><datafield ind1="1" ind2=" " tag="777"><subfield code="t">Greeley tribune (Greeley, Colo. : Weekly)</subfield><subfield code="w">(DLC)sn 84022265</subfield></datafield></record>